@misc {SeoYeong-Jin2019,
   url = {https://koreascience.kr/article/JAKO201910537995254.page},
   title = {A Win/Lose prediction model of Korean professional baseball using machine learning technique},
   author = {{SeoYeong-Jin}},
   year = {2019},
}

@misc {Gao2021,
   url = {https://content.iospress.com/articles/journal-of-sports-analytics/jsa200515},
   title = {Random forest model identifies serve strength as a key predictor of tennis match outcome},
   year = {2021},
   author = {{Gao, Zijiana}},
}

@misc {Xu2023,
   url = {https://www.esports.net/news/lol/riot-games-explains-win-probability-for-lol-worlds-2023/},
   author = {Xu, Davide},
   year = {2023},
   title = {Riot Games explains Win Probability for LoL Worlds 2023},
}


